@article{bawden2005evolution,
  title={Evolution and structure of the Internet: a statistical physics approach},
  author={Bawden, David},
  journal={Journal of Documentation},
  year={2005},
  publisher={Emerald Group Publishing Limited}
}

@article{baran1964distributed,
  title={On distributed communications networks},
  author={Baran, Paul},
  journal={IEEE transactions on Communications Systems},
  volume={12},
  number={1},
  pages={1--9},
  year={1964},
  publisher={IEEE}
}
